<?xml version="1.0" encoding="UTF-8"?><collection xmlns="http://www.loc.gov/MARC21/slim"><record><leader>00439nam--2200181-u-4500</leader><controlfield tag="001">000053873</controlfield><controlfield tag="002">20161230</controlfield><controlfield tag="005">20161230201051</controlfield><controlfield tag="008">110628s1000------------r-----000-0-rus-d</controlfield><datafield ind1=" " ind2=" " tag="040"><subfield code="a">IFIN-HH</subfield></datafield><datafield ind1=" " ind2=" " tag="041"><subfield code="a">rus</subfield></datafield><datafield ind1=" " ind2=" " tag="080"><subfield code="a">537/538(081)</subfield></datafield><datafield ind1="1" ind2=" " tag="100"><subfield code="a">Lanjeven, Poli</subfield></datafield><datafield ind1="1" ind2="0" tag="245"><subfield code="a">Izbrannie trudi</subfield><subfield code="c">Poli lanjeven</subfield></datafield><datafield ind1=" " ind2=" " tag="260"><subfield code="a">Moskva</subfield><subfield code="b">Akademii Nauk Sssr</subfield><subfield code="c">1960</subfield></datafield><datafield ind1=" " ind2=" " tag="300"><subfield code="a">755P</subfield></datafield><datafield ind1=" " ind2=" " tag="852"><subfield code="a">76349</subfield><subfield code="c">537:538</subfield></datafield><datafield ind1=" " ind2=" " tag="CAT"><subfield code="a">Sys</subfield><subfield code="c">20110628</subfield><subfield code="h">162928</subfield></datafield></record></collection>